% Encoding: UTF-8

@TechReport{apb,
  title =       {AMBA 3 APB Protocol Specification},
  institution = {ARM Ltd.},
  year =        {2004},
  date =        {2004-08-17},
  url =         {http://web.eecs.umich.edu/~prabal/teaching/eecs373-f12/readings/ARM_AMBA3_APB.pdf},
  file =        {:pdf/apb_amba.3.apb.protocol.specification.pdf:PDF},
  owner =       {ckrieg},
  timestamp =   {2019.04.12}
}

@Booklet{timing,
  title =     {Vivado Design Hub - Timing Closure \& Design Analysis},
  url =       {https://www.xilinx.com/support/documentation-navigation/design-hubs/dh0006-vivado-design-analysis-and-timing-closure-hub.html},
  owner =     {ckrieg},
  timestamp = {2019.04.19}
}

@Booklet{xpe,
  title =     {Vivado Design Hub - Power Estimation \& Optimization},
  url =       {https://www.xilinx.com/support/documentation-navigation/design-hubs/dh0008-vivado-power-estimation-and-optimization-hub.html},
  owner =     {ckrieg},
  timestamp = {2019.04.19#urldate+#2019-04-19}
}

@proceedings{ADT7420,
	title = {ADT7420 Thermal I2C Sensor},
	url = {https://www.analog.com/media/en/technical-documentation/data-sheets/ADT7420.pdf},
	timestamp = {2019.06.12}
}

@proceedings{Nexys-4-OOB,
	title = {Nexys 4 Out-Of-The-Box Demo Program},
	url = {https://github.com/Digilent/Nexys-4-DDR-OOB},
	timestamp = {2019.06.12}
}

@proceedings{Task-Description,
	author = {Christian Krieg, David Radakovits},
	title = {LDIS Task 2 Description},
	timestamp = {2019.05.15}
}
